@article{Brisbane,
  author =       "Eales, S (ed)",
  title =        " The Jacaranda Atlas",
  edition=       "3rd",
  journal =      "the Jacaranda",

  year =         "2003",
  url =          "http://www.google.com/earth/index.html"
}

@book{GoogleAPI,
    author    = "Svennerberg, Gabriel",
    title     = "Beginning Google Maps",
    year      = "2010",
    publisher = "Apress",
    pages     = "1-6",
    chapters  = "30, 19"
    
}
 
@misc{Washington,
    author    = "Metsker",
    title     = "Metsker maps(1979)",
  url         = "http://www.googlemaps.com"
}

@article{Ijarcce,
	author =       "IJARCCE",
	title =        "International Journal of Advanced Research in Computer and Communication Engineering",
	journal =      "international journal",
	volume =       "5",
	number =       "3",
	
	year =         "2016",
	url =          "http://google.com.in/maps"
}

@ONLINE{Doe:2009:Online,
	author = {Doe, Ringo},
	title = {Google maps, [ONLINE]},
	month = jun,
	year = {2009},
	url = {http://www.test.org/doe/}
}

@article{Springer,
	author =       "Hu. S",
	title =        "Online services using google maps APIs and other Javascript libraries",
	journal =      "international journal",
	volume =       "5",
	pages =       "265-278",
	
	year =         "2012",

}
